@article{Rosyd2024PENERAPANML,
  title = {PENERAPAN METODE LONG SHORT TERM MEMORY (LSTM) DALAM MEMPREDIKSI
           HARGA SAHAM PT BANK CENTRAL ASIA},
  author = {Abdul Rosyd and Ade Irma Purnamasari and Irfan Ali},
  journal = {JATI (Jurnal Mahasiswa Teknik Informatika)},
  year = {2024},
  url = {https://api.semanticscholar.org/CorpusID:268967231},
}

@article{Shen2020,
  author = {Shen, Jingyi and Shafiq, M. Omair},
  title = {Short-term stock market price trend prediction using a comprehensive
           deep learning system},
  journal = {Journal of Big Data},
  year = {2020},
  month = {Aug},
  day = {28},
  volume = {7},
  number = {1},
  pages = {66},
  abstract = {In the era of big data, deep learning for predicting stock market
              prices and trends has become even more popular than before. We
              collected 2 years of data from Chinese stock market and proposed a
              comprehensive customization of feature engineering and deep
              learning-based model for predicting price trend of stock markets.
              The proposed solution is comprehensive as it includes
              pre-processing of the stock market dataset, utilization of multiple
              feature engineering techniques, combined with a customized deep
              learning based system for stock market price trend prediction. We
              conducted comprehensive evaluations on frequently used machine
              learning models and conclude that our proposed solution outperforms
              due to the comprehensive feature engineering that we built. The
              system achieves overall high accuracy for stock market trend
              prediction. With the detailed design and evaluation of prediction
              term lengths, feature engineering, and data pre-processing methods,
              this work contributes to the stock analysis research community both
              in the financial and technical domains.},
  issn = {2196-1115},
  doi = {10.1186/s40537-020-00333-6},
  url = {https://doi.org/10.1186/s40537-020-00333-6},
}

  @article{julian2021peramalan,
  title = {Peramalan harga saham pertambangan pada bursa efek indonesia (BEI)
           menggunakan long short term memory (LSTM)},
  author = {Julian, Roby and Pribadi, Muhammad Rizky},
  journal = {JATISI (Jurnal Teknik Informatika dan Sistem Informasi)},
  volume = {8},
  number = {3},
  pages = {1570--1580},
  year = {2021},
}


@phdthesis{chairurrachman2022penerapan,
  title = {PENERAPAN LONG SHORT-TERM MEMORY PADA DATA TIME SERIES UNTUK PREDIKSI
           HARGA SAHAM PT. INDOFOOD CBP SUKSES MAKMUR TBK (ICBP)},
  author = {Chairurrachman, Irfan and others},
  year = {2022},
  school = {UIN SUNAN KALIJAGA YOGYAKARTA},
}

